<?xml version="1.0" encoding="UTF-8"?><record xmlns="http://www.loc.gov/MARC21/slim" xmlns:cinclude="http://apache.org/cocoon/include/1.0" xmlns:zs="http://www.loc.gov/zing/srw/">
  <leader>00550nz  a2200145n  4500</leader>
  <controlfield tag="001">no2007101314</controlfield>
  <controlfield tag="003">DLC</controlfield>
  <controlfield tag="005">20070902075126.0</controlfield>
  <controlfield tag="008">070830n| acannaabn          |n aaa     c</controlfield>
  <datafield tag="010" ind1=" " ind2=" ">
    <subfield code="a">no2007101314</subfield>
  </datafield>
  <datafield tag="035" ind1=" " ind2=" ">
    <subfield code="a">(OCoLC)oca07509645</subfield>
  </datafield>
  <datafield tag="040" ind1=" " ind2=" ">
    <subfield code="a">AkU</subfield>
    <subfield code="b">eng</subfield>
    <subfield code="c">AkU</subfield>
  </datafield>
  <datafield tag="100" ind1="1" ind2=" ">
    <subfield code="a">Epting, Justin Frederick,</subfield>
    <subfield code="d">1973-</subfield>
  </datafield>
  <datafield tag="670" ind1=" " ind2=" ">
    <subfield code="a">Remote sensing of burn severity and the interactions ... 2004:</subfield>
    <subfield code="b">t.p. (Justin Frederick Epting)</subfield>
  </datafield>
  <datafield tag="670" ind1=" " ind2=" ">
    <subfield code="a">OCLC, Aug. 30, 2007</subfield>
    <subfield code="b">(hdgs.: Epting, Justin F., 1973-; Epting, Justin Frederick; usage: Justin F. Epting; Justin Frederick Epting)</subfield>
  </datafield>
</record>